<?xml version="1.0" encoding="UTF-8"?><collection xmlns="http://www.loc.gov/MARC21/slim"><record><leader>00562nam--2200181-i-4500</leader><controlfield tag="001">000010001</controlfield><controlfield tag="002">20161230</controlfield><controlfield tag="005">20161230201028</controlfield><controlfield tag="008">060222s1000------------r-----000-0-eng-d</controlfield><datafield ind1=" " ind2=" " tag="040"><subfield code="a">IFIN-HH</subfield></datafield><datafield ind1=" " ind2=" " tag="080"><subfield code="a">800.7:802.O</subfield></datafield><datafield ind1="1" ind2=" " tag="100"><subfield code="a">Cook, John Lennox</subfield></datafield><datafield ind1="1" ind2="0" tag="245"><subfield code="a">A new way to proficiency in english</subfield><subfield code="b">A comprehensive guide to english as a foreign language</subfield><subfield code="c">John lennox cook, amorey gethin, keith mitchell</subfield></datafield><datafield ind1=" " ind2=" " tag="260"><subfield code="a">Oxford</subfield><subfield code="b">Basil Blackwell</subfield><subfield code="c">1971</subfield></datafield><datafield ind1=" " ind2=" " tag="300"><subfield code="a">XIII + 305 P</subfield></datafield><datafield ind1="1" ind2=" " tag="700"><subfield code="a">Mitchell, Keith</subfield></datafield><datafield ind1=" " ind2=" " tag="852"><subfield code="a">36050</subfield><subfield code="c">4</subfield></datafield><datafield ind1=" " ind2=" " tag="CAT"><subfield code="a">Sys</subfield><subfield code="c">20130201</subfield><subfield code="h">103759</subfield></datafield></record></collection>